<record><leader>01381cam a2200337 a 4500</leader><controlfield tag="001">010657512</controlfield><controlfield tag="003">MiAaHDL</controlfield><controlfield tag="005">20110810000000.0</controlfield><controlfield tag="006">m        d        </controlfield><controlfield tag="007">cr bn ---auaua</controlfield><controlfield tag="008">940510s1993    njua     b    101 0 eng  </controlfield><datafield tag="010" ind1=" " ind2=" "><subfield code="a">92056150</subfield></datafield><datafield tag="019" ind1=" " ind2=" "><subfield code="a">29402684</subfield></datafield><datafield tag="020" ind1=" " ind2=" "><subfield code="a">0780309537</subfield></datafield><datafield tag="035" ind1=" " ind2=" "><subfield code="a">sdr-ucsd.b43738588</subfield></datafield><datafield tag="040" ind1=" " ind2=" "><subfield code="a">DLC</subfield><subfield code="c">DLC</subfield><subfield code="d">OCL</subfield><subfield code="d">E9X</subfield><subfield code="d">UtOrBLW</subfield></datafield><datafield tag="050" ind1="0" ind2="0"><subfield code="a">UA940</subfield><subfield code="b">.M537 1993</subfield></datafield><datafield tag="035" ind1=" " ind2=" "><subfield code="a">(OCoLC)31288569</subfield></datafield><datafield tag="111" ind1="2" ind2=" "><subfield code="a">MILCOM '93</subfield><subfield code="d">(1993 :</subfield><subfield code="c">Boston, Mass.)</subfield></datafield><datafield tag="245" ind1="1" ind2="0"><subfield code="a">Communications on the move :</subfield><subfield code="b">conference record : MILCOM '93 /</subfield><subfield code="c">sponsored by the IEEE Communications Society and the Armed Forces Communications and Electronics Association</subfield></datafield><datafield tag="246" ind1="3" ind2="0"><subfield code="a">MILCOM '93</subfield></datafield><datafield tag="260" ind1=" " ind2=" "><subfield code="a">Piscataway, N.J. :</subfield><subfield code="b">IEEE Communications Society,</subfield><subfield code="c">c1993</subfield></datafield><datafield tag="300" ind1=" " ind2=" "><subfield code="a">3 v. :</subfield><subfield code="b">ill. ;</subfield><subfield code="c">28 cm</subfield></datafield><datafield tag="538" ind1=" " ind2=" "><subfield code="a">Mode of access: Internet.</subfield></datafield><datafield tag="650" ind1=" " ind2="0"><subfield code="a">Communications, Military</subfield><subfield code="v">Congresses</subfield></datafield><datafield tag="651" ind1=" " ind2="0"><subfield code="a">United States</subfield><subfield code="x">Armed Forces</subfield><subfield code="x">Communication systems</subfield><subfield code="v">Congresses</subfield></datafield><datafield tag="710" ind1="2" ind2=" "><subfield code="a">Armed Forces Communications and Electronics Association (U.S.)</subfield></datafield><datafield tag="710" ind1="2" ind2=" "><subfield code="a">IEEE Communications Society</subfield></datafield><datafield tag="740" ind1="0" ind2=" "><subfield code="a">Military Communications Conference, 1993, MILCOM '93, conference record, "Communications on the Move", IEEE</subfield></datafield><datafield tag="CID" ind1=" " ind2=" "><subfield code="a">010657512</subfield></datafield><datafield tag="DAT" ind1="0" ind2=" "><subfield code="a">20070529163625.0</subfield><subfield code="b">20110810000000.0</subfield></datafield><datafield tag="DAT" ind1="1" ind2=" "><subfield code="a">20120815103628.0</subfield><subfield code="b">2019-11-30T19:26:13Z</subfield></datafield><datafield tag="DAT" ind1="2" ind2=" "><subfield code="a">2019-11-30T19:00:02Z</subfield></datafield><datafield tag="CAT" ind1=" " ind2=" "><subfield code="a">SDR-UCSD</subfield><subfield code="d">III - MILLENIUM</subfield><subfield code="l">loader.pl-001-001</subfield></datafield><datafield tag="FMT" ind1=" " ind2=" "><subfield code="a">BK</subfield></datafield><datafield tag="HOL" ind1=" " ind2=" "><subfield code="0">sdr-ucsd.b43738588</subfield><subfield code="a">uc1</subfield><subfield code="b">SDR</subfield><subfield code="c">UCSD</subfield><subfield code="p">uc1.31822016975690</subfield><subfield code="s">UC</subfield><subfield code="z">v.1</subfield><subfield code="1">.b43738588</subfield></datafield><datafield tag="974" ind1=" " ind2=" "><subfield code="b">UC</subfield><subfield code="c">UCSD</subfield><subfield code="d">20191130</subfield><subfield code="s">google</subfield><subfield code="u">uc1.31822016975690</subfield><subfield code="z">v.1</subfield><subfield code="y">1993</subfield><subfield code="r">ic</subfield><subfield code="q">bib</subfield><subfield code="t">US bib date1 &gt;= 1927</subfield></datafield><datafield tag="974" ind1=" " ind2=" "><subfield code="b">UC</subfield><subfield code="c">UCSD</subfield><subfield code="d">20191130</subfield><subfield code="s">google</subfield><subfield code="u">uc1.31822016975757</subfield><subfield code="z">v.2</subfield><subfield code="y">1993</subfield><subfield code="r">ic</subfield><subfield code="q">bib</subfield><subfield code="t">US bib date1 &gt;= 1927</subfield></datafield><datafield tag="974" ind1=" " ind2=" "><subfield code="b">UC</subfield><subfield code="c">UCSD</subfield><subfield code="d">20191130</subfield><subfield code="s">google</subfield><subfield code="u">uc1.31822016975815</subfield><subfield code="z">v.3</subfield><subfield code="y">1993</subfield><subfield code="r">ic</subfield><subfield code="q">bib</subfield><subfield code="t">US bib date1 &gt;= 1927</subfield></datafield></record>